@article{blum2013learning,
  title={A learning theory approach to noninteractive database privacy},
  author={Blum, Avrim and Ligett, Katrina and Roth, Aaron},
  journal={Journal of the ACM (JACM)},
  volume={60},
  number={2},
  pages={1--25},
  year={2013},
  publisher={ACM New York, NY, USA}
}

@article{sweeney2002k,
  title={k-anonymity: A model for protecting privacy},
  author={Sweeney, Latanya},
  journal={International journal of uncertainty, fuzziness and knowledge-based systems},
  volume={10},
  number={05},
  pages={557--570},
  year={2002},
  publisher={World Scientific}
}

@article{machanavajjhala2007diversity,
  title={l-diversity: Privacy beyond k-anonymity},
  author={Machanavajjhala, Ashwin and Kifer, Daniel and Gehrke, Johannes and Venkitasubramaniam, Muthuramakrishnan},
  journal={ACM Transactions on Knowledge Discovery from Data (TKDD)},
  volume={1},
  number={1},
  pages={3--es},
  year={2007},
  publisher={ACM New York, NY, USA}
}

@inproceedings{das2018anonymity,
  title={Anonymity trilemma: Strong anonymity, low bandwidth overhead, low latency-choose two},
  author={Das, Debajyoti and Meiser, Sebastian and Mohammadi, Esfandiar and Kate, Aniket},
  booktitle={2018 IEEE Symposium on Security and Privacy (SP)},
  pages={108--126},
  year={2018},
  organization={IEEE}
}

@inproceedings{backes2012provably,
  title={Provably secure and practical onion routing},
  author={Backes, Michael and Goldberg, Ian and Kate, Aniket and Mohammadi, Esfandiar},
  booktitle={2012 IEEE 25th Computer Security Foundations Symposium},
  pages={369--385},
  year={2012},
  organization={IEEE}
}

@inproceedings{stadium,
  author    = {Nirvan Tyagi and
               Yossi Gilad and
               Derek Leung and
               Matei Zaharia and
               Nickolai Zeldovich},
  title     = {Stadium: {A} Distributed Metadata-Private Messaging System},
  booktitle = {Proceedings of the 26th Symposium on Operating Systems Principles,
               Shanghai, China, October 28-31, 2017},
  pages     = {423--440},
  publisher = {{ACM}},
  year      = {2017},
  url       = {https://doi.org/10.1145/3132747.3132783},
  doi       = {10.1145/3132747.3132783},
  timestamp = {Tue, 06 Nov 2018 16:59:32 +0100},
  biburl    = {https://dblp.org/rec/conf/sosp/TyagiGLZZ17.bib},
  bibsource = {dblp computer science bibliography, https://dblp.org}
}

@inproceedings{vuvuzela,
  author    = {Jelle van den Hooff and
               David Lazar and
               Matei Zaharia and
               Nickolai Zeldovich},
  editor    = {Ethan L. Miller and
               Steven Hand},
  title     = {Vuvuzela: scalable private messaging resistant to traffic analysis},
  booktitle = {Proceedings of the 25th Symposium on Operating Systems Principles,
               {SOSP} 2015, Monterey, CA, USA, October 4-7, 2015},
  pages     = {137--152},
  publisher = {{ACM}},
  year      = {2015},
  url       = {https://doi.org/10.1145/2815400.2815417},
  doi       = {10.1145/2815400.2815417},
  timestamp = {Tue, 06 Nov 2018 16:59:32 +0100},
  biburl    = {https://dblp.org/rec/conf/sosp/HooffLZZ15.bib},
  bibsource = {dblp computer science bibliography, https://dblp.org}
}

@article{das2020comprehensive,
  title={Comprehensive Anonymity Trilemma: User Coordination is not enough},
  author={Das, Debajyoti and Meiser, Sebastian and Mohammadi, Esfandiar and Kate, Aniket},
  journal={Proceedings on Privacy Enhancing Technologies},
  volume={3},
  pages={356--383},
  year={2020}
}

@article{KBS19,
  author    = {Christiane Kuhn and
               Martin Beck and
               Thorsten Strufe},
  title     = {Breaking and (Partially) Fixing Provably Secure Onion Routing},
  journal   = {CoRR},
  volume    = {abs/1910.13772},
  year      = {2019},
  url       = {http://arxiv.org/abs/1910.13772},
  archivePrefix = {arXiv},
  eprint    = {1910.13772},
  timestamp = {Thu, 31 Oct 2019 14:02:26 +0100},
  biburl    = {https://dblp.org/rec/journals/corr/abs-1910-13772.bib},
  bibsource = {dblp computer science bibliography, https://dblp.org}
}

@article{ACLM22,
  author    = {Megumi Ando and
               Miranda Christ and
               Anna Lysyanskaya and
               Tal Malkin},
  title     = {Poly Onions: Achieving Anonymity in the Presence of Churn},
  journal   = {{IACR} Cryptol. ePrint Arch.},
  pages     = {392},
  year      = {2022},
  url       = {https://eprint.iacr.org/2022/392},
  timestamp = {Thu, 21 Apr 2022 17:13:26 +0200},
  biburl    = {https://dblp.org/rec/journals/iacr/AndoCLM22.bib},
  bibsource = {dblp computer science bibliography, https://dblp.org}
}

@inproceedings{DMNS06,
  author    = {Cynthia Dwork and
               Frank McSherry and
               Kobbi Nissim and
               Adam D. Smith},
  editor    = {Shai Halevi and
               Tal Rabin},
  title     = {Calibrating Noise to Sensitivity in Private Data Analysis},
  booktitle = {Theory of Cryptography, Third Theory of Cryptography Conference, {TCC}
               2006, New York, NY, USA, March 4-7, 2006, Proceedings},
  series    = {Lecture Notes in Computer Science},
  volume    = {3876},
  pages     = {265--284},
  publisher = {Springer},
  year      = {2006},
  url       = {https://doi.org/10.1007/11681878\_14},
  doi       = {10.1007/11681878\_14},
  timestamp = {Tue, 14 May 2019 10:00:47 +0200},
  biburl    = {https://dblp.org/rec/conf/tcc/DworkMNS06.bib},
  bibsource = {dblp computer science bibliography, https://dblp.org}
}

@article{francis2022note,
  title={A Note on the Misinterpretation of the US Census Re-identification Attack},
  author={Francis, Paul},
  journal={arXiv preprint arXiv:2202.04872},
  year={2022}
}

@article{ruggles2022role,
  title={The role of chance in the census bureau database reconstruction experiment},
  author={Ruggles, Steven and Van Riper, David},
  journal={Population Research and Policy Review},
  volume={41},
  number={3},
  pages={781--788},
  year={2022},
  publisher={Springer}
}

@article{abowd2010declaration,
  title={{Declaration of John Abowd, State of Alabama v}},
  author={Abowd, John},
  journal={United States Department of Commerce. Case},
  number={3},
  year={2010}
}

@article{abowd2019census,
  title={Census topdown: Differentially private data, incremental schemas, and consistency with public knowledge},
  author={Abowd, John and Ashmead, Robert and Simson, Garfinkel and Kifer, Daniel and Leclerc, Philip and Machanavajjhala, Ashwin and Sexton, William},
  journal={US Census Bureau},
  year={2019}
}


@article{KuhnBSJS19,
  author    = {Christiane Kuhn and
               Martin Beck and
               Stefan Schiffner and
               Eduard A. Jorswieck and
               Thorsten Strufe},
  title     = {On Privacy Notions in Anonymous Communication},
  journal   = {Proc. Priv. Enhancing Technol.},
  volume    = {2019},
  number    = {2},
  pages     = {105--125},
  year      = {2019},
  url       = {https://doi.org/10.2478/popets-2019-0022},
  doi       = {10.2478/popets-2019-0022},
  timestamp = {Tue, 01 Sep 2020 13:13:12 +0200},
  biburl    = {https://dblp.org/rec/journals/popets/KuhnBSJS19.bib},
  bibsource = {dblp computer science bibliography, https://dblp.org}
}

@inproceedings{atom,
  author    = {Albert Kwon and
               Henry Corrigan{-}Gibbs and
               Srinivas Devadas and
               Bryan Ford},
  title     = {Atom: Horizontally Scaling Strong Anonymity},
  booktitle = {Proceedings of the 26th Symposium on Operating Systems Principles,
               Shanghai, China, October 28-31, 2017},
  pages     = {406--422},
  publisher = {{ACM}},
  year      = {2017},
  url       = {https://doi.org/10.1145/3132747.3132755},
  doi       = {10.1145/3132747.3132755},
  timestamp = {Tue, 06 Nov 2018 16:59:32 +0100},
  biburl    = {https://dblp.org/rec/conf/sosp/KwonCDF17.bib},
  bibsource = {dblp computer science bibliography, https://dblp.org}
}

@inproceedings{BKMMM,
  title={AnoA: A framework for analyzing anonymous communication protocols},
  author={Backes, Michael and Kate, Aniket and Manoharan, Praveen and Meiser, Sebastian and Mohammadi, Esfandiar},
  booktitle={Computer Security Foundations Symposium (CSF), 2013 IEEE 26th},
  pages={163--178},
  year={2013},
  organization={IEEE}
}

@article{Chaum81,
  title={Untraceable electronic mail, return addresses, and digital pseudonyms},
  author={Chaum, David L},
  journal={Communications of the ACM},
  volume={24},
  number={2},
  pages={84--90},
  year={1981},
  publisher={ACM}
}

@article {WSJCM18,
  author    = {Ryan Wails and
               Yixin Sun and
               Aaron Johnson and
               Mung Chiang and
               Prateek Mittal},
  title     = {Tempest: Temporal Dynamics in Anonymity Systems},
  journal   = {PoPETs},
  volume    = {2018},
  number    = {3},
  pages     = {22--42},
  year      = {2018}}

@inproceedings{SEVL+15,
	Author = {Yixin Sun and Anne Edmundson and Laurent Vanbever and Oscar Li and Jennifer Rexford and Mung Chiang and Prateek Mittal},
	Booktitle = {{USENIX Security Symposium}},
	Date-Added = {2017-08-19 04:24:41 +0000},
	Date-Modified = {2017-08-19 04:28:26 +0000},
	Pages = {{271--286}},
	Title = {{RAPTOR: Routing Attacks on Privacy in Tor}},
	Year = {{2015}}}

@inproceedings{tor,
  author    = {Roger Dingledine and
               Nick Mathewson and
               Paul F. Syverson},
  title     = {Tor: the second-generation onion router},
  booktitle = {Proceedings of the 13th {USENIX} Security Symposium, August 9-13,
               2004, San Diego, CA, {USA}},
  pages     = {303--320},
  year      = {2004}}

@inproceedings{ando2020cryptographic,
  title={Cryptographic shallots: A formal treatment of repliable onion encryption},
  author={Ando, Megumi and Lysyanskaya, Anna},
  booktitle={Theory of Cryptography Conference},
  pages={188--221},
  year={2021},
  organization={Springer}
}

@inproceedings{ando2019complexity,
  title={On the Complexity of Anonymous Communication Through Public Networks},
  author={Ando, Megumi and Lysyanskaya, Anna and Upfal, Eli},
  booktitle={2nd Conference on Information-Theoretic Cryptography (ITC 2021)},
  year={2021},
  organization={Schloss Dagstuhl-Leibniz-Zentrum f{\"u}r Informatik}
}

@article{HS05,
  title={Concentration of the hypergeometric distribution},
  author={Hush, Don and Scovel, Clint},
  journal={Statistics \& Probability Letters},
  volume={75},
  number={2},
  pages={127--132},
  year={2005},
  publisher={Elsevier}
}

@article{serfling1974probability,
  title={Probability inequalities for the sum in sampling without replacement},
  author={Serfling, Robert J},
  journal={The Annals of Statistics},
  pages={39--48},
  year={1974},
  publisher={JSTOR}
}

@book{MU05,
  title={Probability and computing: Randomized algorithms and probabilistic analysis},
  author={Mitzenmacher, Michael and Upfal, Eli},
  year={2005},
  publisher={Cambridge university press}
}