@inproceedings{iwanik2005duo,
  title={DUO-Onions and Hydra-Onionsâ€”failure and adversary resistant onion protocols},
  author={Iwanik, Jan and Klonowski, Marek and Kuty{\l}owski, Miroslaw},
  booktitle={Communications and Multimedia Security},
  pages={1--15},
  year={2005},
  organization={Springer}
}

@book{lynch1996distributed,
  title={Distributed algorithms},
  author={Lynch, Nancy A},
  year={1996},
  publisher={Elsevier}
}

@inproceedings{bracha1984asynchronous,
  title={An asynchronous [(n-1)/3]-resilient consensus protocol},
  author={Bracha, Gabriel},
  booktitle={Proceedings of the third annual ACM symposium on Principles of distributed computing},
  pages={154--162},
  year={1984}
}

@article{attarian2023mixflow,
  title={MixFlow: Assessing Mixnets Anonymity with Contrastive Architectures and Semantic Network Information},
  author={Attarian, Reyhane and Mohammadi, Esfandiar and Wang, Tao and Beni, Emad Heydari},
  journal={Cryptology ePrint Archive},
  year={2023}
}

@inproceedings{piotrowska2017loopix,
  title={The loopix anonymity system},
  author={Piotrowska, Ania M and Hayes, Jamie and Elahi, Tariq and Meiser, Sebastian and Danezis, George},
  booktitle={26th usenix security symposium (usenix security 17)},
  pages={1199--1216},
  year={2017}
}

@inproceedings{clarke2001freenet,
  title={Freenet: A distributed anonymous information storage and retrieval system},
  author={Clarke, Ian and Sandberg, Oskar and Wiley, Brandon and Hong, Theodore W},
  booktitle={Designing privacy enhancing technologies: international workshop on design issues in anonymity and unobservability Berkeley, CA, USA, July 25--26, 2000 Proceedings},
  pages={46--66},
  year={2001},
  organization={Springer}
}

@article{reiter1998crowds,
  title={Crowds: Anonymity for web transactions},
  author={Reiter, Michael K and Rubin, Aviel D},
  journal={ACM transactions on information and system security (TISSEC)},
  volume={1},
  number={1},
  pages={66--92},
  year={1998},
  publisher={ACM New York, NY, USA}
}

@article{BIK+,
  title={Anonymity in wireless broadcast networks},
  author={Blaze, Matt and Ioannidis, John and Keromytis, Angelos D and Malkin, Tal G and Rubin, Avi},
  year={2009}
}

@misc{gizmodo, 
   title = {Someone Is Running Hundreds of Malicious Servers on the {Tor} Network and Might Be De-Anonymizing Users},
   author = {Lucas Ropek},   
   howpublished = {\url{https://tinyurl.com/2p999e8e}},
   year = 2021,
   month = {December},
   urldate = {2021-12-03}
}